%\cite{laptrinhcaro}
%\cite{windowsh}
%\cite{alphabeta}
%\cite{github}

@article{github,
    author  = "Repository game Caro",
    journal = "\\https://github.com/htrung1105/GameCaro",
}

@article{laptrinhcaro,
    author  = "Lập trình game Cờ Caro trên C/C++ màn hình Console",
    journal = "\\https://tuicocach.com/lap-trinh-game-co-caro-tren-c-c-man-hinh-consoledemo-game/",
}

@article{windowsh,
    author  = "Windows.h và Hàm Định Dạng Màn Hình Console",
    journal = "\\https://codelearn.io/sharing/windowsh-va-ham-dinh-dang-console-p1",
}

@article{alphabeta,
    author  = "Algorithms Explained : minimax and alpha-beta pruning",
    journal = "\\https://youtu.be/l-hh51ncgDI?si=hVatVWL8Y0lid\_DI",
     
}

