%\cite{..............}

@article{conda,
    author  = "Conda",
    journal = "\\https://docs.conda.io/projects/conda/en/stable/",
}
@article{lecture_og,
    author  = "Performance Metrics in Machine Learning [Complete Guide]",
    journal = "\\https://neptune.ai/blog/performance-metrics-in-machine-learning-complete-guide",
}
@article{aiuit,
    author  = "[Machine Learning] Làm thế nào để đánh giá một mô hình Máy học?",
    journal = "\\http://tutorials.aiclub.cs.uit.edu.vn/index.php/2021/05/18/evaluation/",
}
@article{mlwiki,
    author  = "Evaluation of Binary Classifiers",
    journal = "\\http://mlwiki.org/index.php/Evaluation\_of\_Binary\_Classifiers",
}
@article{roc_auc,
    author  = "Classification: ROC Curve and AUC",
    journal = "\\https://developers.google.com/machine-learning/crash-course/classification/roc-and-auc",
}

@article{accuracy,
    author  = "Classification: Accuracy",
    journal = "\\https://developers.google.com/machine-learning/crash-course/classification/accuracy",
}

@article{precision_recall,
    author  = "Classification: Precision and Recall",
    journal = "\\https://developers.google.com/machine-learning/crash-course/classification/precision-and-recall",
}

@article{fmeasure,
    author  = "Precision and Recall: F Measure",
    journal = "\\http://mlwiki.org/index.php/Precision\_and\_Recall\#F\_Measure",
}

@article{data_pre,
    author = "Tổng quan về tiền xử lý dữ liệu",
    journal = "\\https://gizsolution.wordpress.com/2017/01/06/tong-quan-ve-tien-xu-ly-du-lieu/",
}

@article{loss_func,
    author = "Hàm mất mát (loss function)",
    journal = "\\https://khanh-personal.gitbook.io/ml-book-vn/chapter1/ham-mat-mat",
}

@article{cross_entropy,
    author = "Cross Entropy Loss: Intro, Applications, Code",
    journal = "\\https://www.v7labs.com/blog/cross-entropy-loss-guide",
}

@article{mnist,
    author = "The MNIST database of handwritten digits",
    journal = "\\https://www.kaggle.com/datasets/hojjatk/mnist-dataset",
}
@article{model,
    author = "Creating a neural network from scratch",
    journal = "\\https://github.com/SonPhatTran/Neural-Network-from-scratch",
}
@article{demo,
    author = "Nhóm 4 - 23TNT1 - HCMUS | ĐỒ ÁN #2: XÂY DỰNG CHƯƠNG TRÌNH AI | Video demo huấn luyện mô hình",
    journal = "\\https://www.youtube.com/watch?v=UQExhzgt-6E",
}
